@article{AlgaeBloom,
  title={Predicting coastal algal blooms in southern California},
  author={McGowan, John A and Deyle, Ethan R and Ye, Hao and Carter, Melissa L and Perretti, Charles T and Seger, Kerri D and Verneil, Alain and Sugihara, George},
  journal={Ecology},
  volume={98},
  number={5},
  pages={1419--1433},
  year={2017},
  publisher={Wiley Online Library}
}
@article{Smaps,
  title={Nonlinear forecasting for the classification of natural time series},
  author={Sugihara, George},
  journal={Philosophical Transactions: Physical Sciences and Engineering},
  pages={477--495},
  year={1994},
  publisher={JSTOR}
}
@article{simplex,
  title={Nonlinear forecasting as a way of distinguishing chaos from},
  author={Sugihara, George and May, Robert M},
  journal={Nature},
  volume={344},
  pages={6268},
  year={1990}
}

